<collection xmlns="http://www.loc.gov/MARC21/slim">
<record>
  <leader>02296nam0a2200313 i 450 </leader>
  <controlfield tag="001">IT\ICCU\CNCE\032151</controlfield>
  <controlfield tag="005">20121219000000.0</controlfield>
  <datafield tag="012" ind1=" " ind2=" ">
    <subfield code="a">ala, n-c- a.di qucr (3) 1587 (A)</subfield>
    <subfield code="2">fei</subfield>
  </datafield>
  <datafield tag="100" ind1=" " ind2=" ">
    <subfield code="a">19971210d1587        0itac0103    ba</subfield>
  </datafield>
  <datafield tag="101" ind1=" " ind2=" ">
    <subfield code="a">ITA</subfield>
  </datafield>
  <datafield tag="102" ind1=" " ind2=" ">
    <subfield code="a">IT</subfield>
  </datafield>
  <datafield tag="200" ind1="1" ind2=" ">
    <subfield code="a">℗Le ℗cose marauigliose dell&apos;alma citta di Roma, doue si tratta delle chiese, stationi, &amp; reliquie de&apos; corpi santi, che vi sono. Con un trattato del modo d&apos;acquistare l&apos;indulgentie. La guida romana, che insegna facilmente i forastieri  ̉ritrouarele pi ̮notabili cose di Roma .Li nomi de i sommi pontefici, imperatori, &amp; altri principi christiani. L&apos;antichit ̉di Roma breuemente raccolta. Et vn discorso sopra i fuochi de gli antichi. Con le poste d&apos;Italia. Tutto nouamente purgato et corretto</subfield>
  </datafield>
  <datafield tag="210" ind1=" " ind2=" ">
    <subfield code="a">In Roma</subfield>
    <subfield code="c">appresso Tito</subfield>
    <subfield code="d">&amp; Paolo Diani</subfield>
    <subfield code="d">1587</subfield>
  </datafield>
  <datafield tag="215" ind1=" " ind2=" ">
    <subfield code="a">128 p.</subfield>
    <subfield code="c">ill.</subfield>
    <subfield code="d">8ʻ</subfield>
  </datafield>
  <datafield tag="300" ind1=" " ind2=" ">
    <subfield code="a">A c. F1r altro front.: L&apos;antichit ̉di Roma, di m. Andrea Palladio, raccolta breuemente da gli autori antichi, &amp; moderni. Aggiuntoui un discorso sopra li fuochi de gli antichi. - Attribuita anche a Giovanni Tarcagnota; cfr.: M. Daly Davis, Andrea Palladio&apos;s L&apos;antichita di Roma of 1554. In: Pegasus, 9 (2007), p. 151-196; G. Tallini, Tra studio e bottega. Coordinate bio-bibliografiche per Giovanni Tarcagnota da Gaeta (1499-1566)</subfield>
  </datafield>
  <datafield tag="423" ind1=" " ind2="0">
    <subfield code="1">001IT\ICCU\CNCE\036336</subfield>
    <subfield code="1">2001 </subfield>
    <subfield code="a">℗L1℗antichitAa di Roma, di m. Andrea Palladio</subfield>
  </datafield>
  <datafield tag="500" ind1="1" ind2="1">
    <subfield code="3">IT\ICCU\CNCE\031012</subfield>
    <subfield code="a">Mirabilia Romae</subfield>
  </datafield>
  <datafield tag="620" ind1=" " ind2=" ">
    <subfield code="a">IT</subfield>
    <subfield code="d">Roma</subfield>
  </datafield>
  <datafield tag="702" ind1=" " ind2="1">
    <subfield code="a">Tarcagnota,</subfield>
    <subfield code="b">Giovanni</subfield>
    <subfield code="3">IT\ICCU\CNCA\001157</subfield>
  </datafield>
  <datafield tag="702" ind1=" " ind2="1">
    <subfield code="a">Palladio,</subfield>
    <subfield code="b">Andrea</subfield>
    <subfield code="3">IT\ICCU\CNCA\002163</subfield>
  </datafield>
  <datafield tag="712" ind1="0" ind2="0">
    <subfield code="a">Diani, Tito &amp; Diani, Paolo</subfield>
    <subfield code="3">IT\ICCU\CNCT\000350</subfield>
    <subfield code="4">650</subfield>
  </datafield>
  <datafield tag="790" ind1=" " ind2="1">
    <subfield code="a">Paladius,</subfield>
    <subfield code="b">Andreas</subfield>
    <subfield code="3">IT\ICCU\CNCA\021945</subfield>
    <subfield code="z">Palladio, Andrea</subfield>
  </datafield>
  <datafield tag="801" ind1=" " ind2="3">
    <subfield code="a">IT</subfield>
    <subfield code="b">ICCU</subfield>
    <subfield code="c">20201114</subfield>
  </datafield>
  <datafield tag="899" ind1=" " ind2=" ">
    <subfield code="a">Biblioteca universitaria. Cagliari</subfield>
    <subfield code="1">CA0194</subfield>
    <subfield code="2">CAG UC</subfield>
  </datafield>
  <datafield tag="899" ind1=" " ind2=" ">
    <subfield code="a">Biblioteca Apostolica Vaticana. Citt ̉del Vaticano</subfield>
    <subfield code="z">MUTILO</subfield>
    <subfield code="1">EX0001</subfield>
    <subfield code="2">ZCV 01</subfield>
  </datafield>
  <datafield tag="899" ind1=" " ind2=" ">
    <subfield code="a">Biblioteca nazionale centrale. Roma</subfield>
    <subfield code="1">RM0267</subfield>
    <subfield code="2">BVE CR</subfield>
  </datafield>
  <datafield tag="899" ind1=" " ind2=" ">
    <subfield code="a">Biblioteca romana. Roma</subfield>
    <subfield code="z">MUTILO</subfield>
    <subfield code="1">RM0275</subfield>
    <subfield code="2">RMR AC</subfield>
  </datafield>
  <datafield tag="911" ind1=" " ind2=" ">
    <subfield code="a">Sui front.</subfield>
    <subfield code="9">IT\ICCU\CNCM\002404</subfield>
  </datafield>
  <datafield tag="921" ind1=" " ind2=" ">
    <subfield code="a">IT\ICCU\CNCM\002404</subfield>
    <subfield code="b">Compasso, tenuto da mano uscente da nuvola, che traccia un cerchio su base esagonale.  In cornice figurata.</subfield>
    <subfield code="e">Labore et constantia</subfield>
    <subfield code="c">U933</subfield>
    <subfield code="f">COMPASSO</subfield>
    <subfield code="f">MANO</subfield>
    <subfield code="f">LABOREETCO</subfield>
    <subfield code="g">1587</subfield>
  </datafield>
</record>
</collection>
